@misc{post,
  author = "E Collins";
  title = "A minute to learn... a lifetime to master";
  year = 2005;
  month = July;
  howpublished = "boardgamegeek.com/thread/72572/a-minute-to-learn-a-lifetime-to-master" 
}

